@inproceedings{nuObj,
  author    = {Martin Odersky and
               Vincent Cremet and
               Christine R{\"o}ckl and
               Matthias Zenger},
  title     = {A Nominal Theory of Objects with Dependent Types},
  booktitle = {ECOOP},
  year      = {2003},
  pages     = {201-224},
  ee        = {http://dx.doi.org/10.1007/978-3-540-45070-2_10}
}

@inproceedings{FS,
  author    = {Vincent Cremet and
               Fran\c{c}ois Garillot and
               Sergue\"{\i} Lenglet and
               Martin Odersky},
  title     = {A Core Calculus for Scala Type Checking},
  booktitle = {MFCS},
  year      = {2006},
  pages     = {1-23},
  ee        = {http://dx.doi.org/10.1007/11821069_1}
}

@inproceedings{tribe,
  author    = {Dave Clarke and
               Sophia Drossopoulou and
               James Noble and
               Tobias Wrigstad},
  title     = {Tribe: a simple virtual class calculus},
  booktitle = {AOSD},
  year      = {2007},
  pages     = {121-134},
  ee        = {http://doi.acm.org/10.1145/1218563.1218578}
}

@article{step_indexed_obj,
  author    = {Catalin Hritcu and
               Jan Schwinghammer},
  title     = {A Step-indexed Semantics of Imperative Objects},
  journal   = {Logical Methods in Computer Science},
  volume    = {5},
  number    = {4},
  year      = {2009},
  ee        = {http://arxiv.org/abs/0906.1350},
  bibsource = {DBLP, http://dblp.uni-trier.de}
}

@inproceedings{ahmed06,
  author    = {Amal J. Ahmed},
  title     = {Step-Indexed Syntactic Logical Relations for Recursive and
               Quantified Types},
  booktitle = {ESOP},
  year      = {2006},
  pages     = {69-83},
  ee        = {http://dx.doi.org/10.1007/11693024_6}
}

@phdthesis{ahmed04,
  author    = {Amal J. Ahmed},
  title     = {Semantics of types for mutable state},
  school    = {Princeton University},
  year      = {2004}
}

@article{soundness,
  author    = {Andrew K. Wright and
               Matthias Felleisen},
  title     = {A Syntactic Approach to Type Soundness},
  journal   = {Inf. Comput.},
  volume    = {115},
  number    = {1},
  year      = {1994},
  pages     = {38-94},
  ee        = {http://dx.doi.org/10.1006/inco.1994.1093}
}

@book{tapl,
  author    = {Benjamin C. Pierce},
  title     = {Types and programming languages},
  publisher = {MIT Press},
  year      = {2002},
  isbn      = {978-0-262-16209-8}
}